@misc{microsoftQuAccess,
    author = "Microsoft",
    title = {¿{Q}ué es {A}ccess {C}ontrol? | {S}eguridad de {M}icrosoft --- microsoft.com},
    howpublished = {\url{https://www.microsoft.com/es-es/security/business/security-101/what-is-access-control}},
    year = {},
    note = {[Accessed 05-03-2025]}
}

@misc{ eswiki:802.1X,
    author = "Wikipedia",
    title = "IEEE 802.1X --- Wikipedia{,} La enciclopedia libre",
    year = "2024",
    howpublished = {"\url{https://es.wikipedia.org/w/index.php?title=IEEE_802.1X}},
    note = {[Accessed 05-03-2025]}
}

@misc{scrumorg:whatis,
    author = "Scrum.org",
    title = "What is Scrum? --- Scrum.org Learning Series",
    year = "2024",
    howpublished = {"\url{https://www.scrum.org/learning-series/what-is-scrum/}"},
    note = {[Accessed 27-04-2025]}
}

@misc{browserstack:tdd,
    author = "BrowserStack",
    title = "What is Test Driven Development (TDD)? --- BrowserStack Guide",
    year = "2024",
    howpublished = {"\url{https://www.browserstack.com/guide/what-is-test-driven-development}"},
    note = {[Accessed 27-04-2025]}
}

@misc{git:official,
    author = "Git",
    title = "Git - Distributed Version Control System",
    year = "2024",
    howpublished = {"\url{https://git-scm.com/}"},
    note = {[Accessed 27-04-2025]}
}

@misc{svn:official,
    author = "Apache Subversion",
    title = "Apache Subversion",
    year = "2024",
    howpublished = {"\url{https://subversion.apache.org/}"},
    note = {[Accessed 27-04-2025]}
}

@misc{wikipedia:github,
    author = "Wikipedia",
    title = "GitHub --- Wikipedia, The Free Encyclopedia",
    year = "2024",
    howpublished = {"\url{https://en.wikipedia.org/wiki/GitHub}"},
    note = {[Accessed 27-04-2025]}
}

@misc{zenhub:gettingstarted,
    author = "ZenHub",
    title = "Getting Started with ZenHub",
    year = "2024",
    howpublished = {"\url{https://www.zenhub.com/getting-started}"},
    note = {[Accessed 27-04-2025]}
}

@misc{python:docs,
    author = "Python Software Foundation",
    title = "Python 3 Documentation",
    year = "2024",
    howpublished = {"\url{https://docs.python.org/3/}"},
    note = {[Accessed 27-04-2025]}
}

@misc{spring:docs,
    author = "Spring Framework",
    title = "Spring Framework Documentation - 4.0.x Overview",
    year = "2024",
    howpublished = {"\url{https://docs.spring.io/spring-framework/docs/4.0.x/spring-framework-reference/html/overview.html}"},
    note = {[Accessed 27-04-2025]}
}


@misc{angular:docs,
    author = "Angular",
    title = "Angular Overview",
    year = "2024",
    howpublished = {"\url{https://angular.dev/overview}"},
    note = {[Accessed 27-04-2025]}
}

@misc{wikipedia:mvc,
    author = "Wikipedia",
    title = "Model–View–Controller --- Wikipedia, The Free Encyclopedia",
    year = "2024",
    howpublished = {"\url{https://en.wikipedia.org/wiki/Model%E2%80%93view%E2%80%93controller}"},
    note = {[Accessed 27-04-2025]}
}

@misc{gradle:official,
    author = "Gradle",
    title = "Gradle Build Tool",
    year = "2024",
    howpublished = {"\url{https://gradle.org/}"},
    note = {[Accessed 27-04-2025]}
}

@misc{pyinstaller:official,
    author = "PyInstaller",
    title = "PyInstaller Documentation",
    year = "2024",
    howpublished = {"\url{https://pyinstaller.org/}"},
    note = {[Accessed 27-04-2025]}
}

@misc{innosetup:official,
    author = "Inno Setup",
    title = "Inno Setup Compiler",
    year = "2024",
    howpublished = {"\url{https://jrsoftware.org/isinfo.php}"},
    note = {[Accessed 27-04-2025]}
}

@misc{jjwt:official,
    author = "JJWT",
    title = "JJWT: Java JWT library",
    year = "2024",
    howpublished = {"\url{https://github.com/jwtk/jjwt}"},
    note = {[Accessed 27-04-2025]}
}

@misc{junit:official,
    author = "JUnit",
    title = "JUnit 5 User Guide",
    year = "2024",
    howpublished = {"\url{https://junit.org/junit5/docs/current/user-guide/}"},
    note = {[Accessed 27-04-2025]}
}

@misc{tailwind:official,
    author = "Tailwind Labs",
    title = "Tailwind CSS - Rapidly build modern websites",
    year = "2024",
    howpublished = {"\url{https://tailwindcss.com/}"},
    note = {[Accessed 27-04-2025]}
}

@misc{daisyui:official,
    author = "DaisyUI",
    title = "DaisyUI - Tailwind CSS Components",
    year = "2024",
    howpublished = {"\url{https://daisyui.com/}"},
    note = {[Accessed 27-04-2025]}
}

@misc{latex:official,
    author = "LaTeX Project",
    title = "The LaTeX Project",
    year = "2024",
    howpublished = {"\url{https://www.latex-project.org/}"},
    note = {[Accessed 27-04-2025]}
}

@misc{docker:official,
    author = "Docker",
    title = "Docker Official Site",
    year = "2024",
    howpublished = {"\url{https://www.docker.com/}"},
    note = {[Accessed 27-04-2025]}
}

@misc{sonarcloud:official,
    author = "SonarSource",
    title = "SonarQube Cloud Documentation",
    year = "2024",
    howpublished = {"\url{https://docs.sonarsource.com/sonarqube-cloud/}"},
    note = {[Accessed 27-04-2025]}
}

@misc{github:actions,
    author = "GitHub",
    title = "GitHub Actions - Documentation",
    year = "2024",
    howpublished = {"\url{https://github.com/features/actions}"},
    note = {[Accessed 27-04-2025]}
}

@misc{pycharm:official,
    author = "JetBrains",
    title = "PyCharm: the Python IDE for Professional Developers",
    year = "2024",
    howpublished = {"\url{https://www.jetbrains.com/pycharm/}"},
    note = {[Accessed 27-04-2025]}
}

@misc{intellij:official,
    author = "JetBrains",
    title = "IntelliJ IDEA: The Leading Java and Kotlin IDE",
    year = "2024",
    howpublished = {"\url{https://www.jetbrains.com/idea/}"},
    note = {[Accessed 27-04-2025]}
}

@misc{vscode:official,
    author = "Microsoft",
    title = "Visual Studio Code",
    year = "2024",
    howpublished = {"\url{https://code.visualstudio.com/}"},
    note = {[Accessed 27-04-2025]}
}

@misc{pip:official,
    author = "Python Packaging Authority",
    title = "pip: The Python Package Installer",
    year = "2024",
    howpublished = {"\url{https://pypi.org/project/pip/}"},
    note = {[Accessed 27-04-2025]}
}

@misc{npm:official,
    author = "npm, Inc.",
    title = "npm: Node Package Manager",
    year = "2024",
    howpublished = {"\url{https://www.npmjs.com/}"},
    note = {[Accessed 27-04-2025]}
}

@misc{angularcli:official,
    author = "Angular",
    title = "Angular CLI - Command Line Interface",
    year = "2024",
    howpublished = {"\url{https://angular.dev/tools/cli}"},
    note = {[Accessed 27-04-2025]}
}

