@online{atlassianScrum,
    author = {{Atlassian}},
    title = {¿Qué es Scrum?},
    year = {2024},
    note = {Disponible en: \url{https://www.atlassian.com/es/agile/scrum}. Accessed 18-04-2025}
}

@online{scrumGuide2020,
    author = {Schwaber, Ken and Sutherland, Jeff},
    title = {The Scrum Guide -- The Definitive Guide to Scrum: The Rules of the Game},
    year = {2020},
    note = {Disponible en: \url{https://scrumguides.org/scrum-guide.html}. Accessed 18-04-2025}
}

@online{glassdoorSueldo,
    author = {{Glassdoor}},
    title = {Sueldo de Full Stack Developer},
    year = {2025},
    note = {Disponible en: \url{https://www.glassdoor.es/Sueldos/full-stack-developer-sueldo-SRCH_KO0,20.htm}. Accessed 18-04-2025}
}

@online{seguridadSocial2025,
    author = {Seguridad Social},
    title = {Cotización a la Seguridad Social de los trabajadores},
    year = {2025},
    note = {Disponible en: \url{https://www.seg-social.es/wps/portal/wss/internet/Trabajadores/CotizacionRecaudacionTrabajadores/36537}. Accessed 18-04-2025}
}
@online{jetbrainsPrecios,
    author = {{JetBrains}},
    title = {Planes y precios de productos JetBrains},
    year = {2025},
    note = {Disponible en: \url{https://www.jetbrains.com/es-es/store/?section=commercial&billing=monthly}. Accessed 18-04-2025}
}
@online{tldrlegalLicenses,
    author = {{TLDRLegal}},
    title = {TLDRLegal - Understand software licenses in plain English},
    year = {2025},
    note = {Disponible en: \url{https://www.tldrlegal.com/}. Accessed 19-04-2025}
}

@online{apacheLicense,
    author = {{Apache Software Foundation}},
    title = {Apache License, Version 2.0},
    year = {2025},
    note = {Disponible en: \url{http://apache.org/licenses/LICENSE-2.0}. Accessed 19-04-2025}
}

@misc{ccby4,
    author = {{Creative Commons}},
    title = {Attribution 4.0 International (CC BY 4.0)},
    year = {2013},
    note = {Disponible en: \url{https://creativecommons.org/licenses/by/4.0/}. Accessed 19-04-2025}
}

@misc{ccby_nc4,
    author = {{Creative Commons}},
    title = {Attribution-NonCommercial 4.0 International (CC BY-NC 4.0)},
    year = {2013},
    note = {Disponible en: \url{https://creativecommons.org/licenses/by-nc/4.0/}. Accessed 19-04-2025}
}

@online{springMvc,
    author = {{Spring Framework}},
    title = {Spring MVC},
    year = {2025},
    note = {Disponible en: \url{https://docs.spring.io/spring-framework/docs/3.2.x/spring-framework-reference/html/mvc.html}. Accessed 31-05-2025}
}